@article{condor-practice,
  author    = "Douglas Thain and Todd Tannenbaum and Miron Livny",
  title     = "Distributed computing in practice: the Condor experience.",
  journal   = "Concurrency - Practice and Experience",
  volume    = "17",
  number    = "2-4",
  year      = "2005",
  pages     = "323-356",
}
@article{deelman-fgcs-2015,
author={Ewa Deelman and Karan Vahi and Gideon Juve and Mats Rynge and Scott Callaghan and Philip J Maechling and Rajiv Mayani and Weiwei Chen and Ferreira da Silva, Rafael and Miron Livny and Kent Wenger},
url={http://pegasus.isi.edu/publications/2014/2014-fgcs-deelman.pdf},
title={Pegasus: a Workflow Management System for Science Automation},
journal={Future Generation Computer Systems},
volume={46},
pages={17--35},
year={2015},
note={Funding Acknowledgements: NSF ACI SDCI 0722019, NSF ACI SI2-SSI 1148515 and NSF OCI-1053575},
doi={10.1016/j.future.2014.10.008}
}
